<record><leader>00000cas a22000007a 4500</leader><controlfield tag="001">12601012</controlfield><controlfield tag="008">850925d19401940wiuwr ne      0    0eng d</controlfield><datafield ind1=" " ind2=" " tag="010"><subfield code="a">sn 85041310 </subfield></datafield><datafield ind1=" " ind2=" " tag="040"><subfield code="a">NPV</subfield><subfield code="b">eng</subfield><subfield code="c">NPV</subfield><subfield code="d">OCLCQ</subfield></datafield><datafield ind1=" " ind2=" " tag="042"><subfield code="a">msc</subfield></datafield><datafield ind1=" " ind2=" " tag="045"><subfield code="a">x4x4</subfield></datafield><datafield ind1=" " ind2=" " tag="052"><subfield code="a">4123</subfield><subfield code="b">P5</subfield></datafield><datafield ind1="0" ind2="4" tag="245"><subfield code="a">The Plum City tribune.</subfield></datafield><datafield ind1="1" ind2="3" tag="246"><subfield code="a">Plum City tribune and news</subfield></datafield><datafield ind1=" " ind2=" " tag="260"><subfield code="a">Plum City, Wis. :</subfield><subfield code="b">Plum City Tribune,</subfield><subfield code="c">1940-1940.</subfield></datafield><datafield ind1=" " ind2=" " tag="300"><subfield code="a">2 v. :</subfield><subfield code="b">ill.</subfield></datafield><datafield ind1=" " ind2=" " tag="310"><subfield code="a">Weekly</subfield></datafield><datafield ind1="0" ind2=" " tag="362"><subfield code="a">Vol. 9, no. 29 (May 10, 1940)-v. 10, no. 6 (Nov. 29, 1940).</subfield></datafield><datafield ind1=" " ind2=" " tag="500"><subfield code="a">Editor: R. Peterson, May 10-Nov. 29, 1940.</subfield></datafield><datafield ind1=" " ind2=" " tag="530"><subfield code="a">Available on microfilm from The State Historical Society of Wisconsin.</subfield></datafield><datafield ind1=" " ind2=" " tag="752"><subfield code="a">United States</subfield><subfield code="b">Wisconsin</subfield><subfield code="c">Pierce</subfield><subfield code="d">Plum City.</subfield></datafield><datafield ind1="0" ind2="0" tag="780"><subfield code="t">Plum City tribune and the Plum City news</subfield><subfield code="w">(DLC)sn 85041309</subfield></datafield><datafield ind1="1" ind2=" " tag="029"><subfield code="a">AU@</subfield><subfield code="b">000025812835</subfield></datafield></record>